<?xml version="1.0" encoding="UTF-8"?>
<!DOCTYPE html PUBLIC "-//W3C//DTD XHTML 1.0 Transitional//EN"
    "http://www.w3.org/TR/xhtml1/DTD/xhtml1-transitional.dtd">
<html xmlns="http://www.w3.org/1999/xhtml" xml:lang="en" lang="en">
 <head>
  <title>
</title>
<meta http-equiv="Content-Type" content="text/html;charset=utf-8" />
  <meta name='ocr-system' content='tesseract 3.04.00' />
  <meta name='ocr-capabilities' content='ocr_page ocr_carea ocr_par ocr_line ocrx_word'/>
</head>
<body>
  <div class='ocr_page' id='page_1' title='image "./operaadmsscodic00horagoog_0341.png"; bbox 0 0 2534 4559; ppageno 0'>
   <div class='ocr_carea' id='block_1_1' title="bbox 428 404 985 473">
    <p class='ocr_par' dir='ltr' id='par_1_1' title="bbox 428 404 985 473">
     <span class='ocr_line' id='line_1_1' title="bbox 428 404 985 473; baseline 0.009 -26"><span class='ocrx_word' id='word_1_1' title='bbox 428 404 693 453; x_wconf 63' lang='lat' dir='ltr'>rorstet.</span> <span class='ocrx_word' id='word_1_2' title='bbox 927 415 985 473; x_wconf 81' lang='lat'>311</span> 
     </span>
    </p>
   </div>
   <div class='ocr_carea' id='block_1_2' title="bbox 129 489 876 673">
    <p class='ocr_par' dir='ltr' id='par_1_2' title="bbox 129 489 876 673">
     <span class='ocr_line' id='line_1_2' title="bbox 131 489 854 583; baseline 0.004 -25"><span class='ocrx_word' id='word_1_3' title='bbox 131 500 246 562; x_wconf 85' lang='lat' dir='ltr'>vicinas</span> <span class='ocrx_word' id='word_1_4' title='bbox 262 498 345 559; x_wconf 86' lang='lat' dir='ltr'>urbes</span> <span class='ocrx_word' id='word_1_5' title='bbox 360 495 427 569; x_wconf 85' lang='lat' dir='ltr'>alit,</span> <span class='ocrx_word' id='word_1_6' title='bbox 451 519 479 559; x_wconf 88' lang='lat' dir='ltr'>er</span> <span class='ocrx_word' id='word_1_7' title='bbox 491 521 578 583; x_wconf 81' lang='lat' dir='ltr'>grase</span> <span class='ocrx_word' id='word_1_8' title='bbox 589 506 677 561; x_wconf 88' lang='lat' dir='ltr'>sentit</span> <span class='ocrx_word' id='word_1_9' title='bbox 689 513 836 574; x_wconf 65' lang='lat' dir='ltr'>aratrum}</span> <span class='ocrx_word' id='word_1_10' title='bbox 851 489 854 496; x_wconf 68' lang='grc'><strong>’</strong></span> 
     </span>
     <span class='ocr_line' id='line_1_3' title="bbox 129 585 876 673; baseline 0 -27"><span class='ocrx_word' id='word_1_11' title='bbox 129 586 180 646; x_wconf 84' lang='lat' dir='ltr'>Seu</span> <span class='ocrx_word' id='word_1_12' title='bbox 194 603 305 648; x_wconf 88' lang='lat' dir='ltr'>cursum</span> <span class='ocrx_word' id='word_1_13' title='bbox 318 589 440 646; x_wconf 78' lang='lat' dir='ltr'>mutauit</span> <span class='ocrx_word' id='word_1_14' title='bbox 456 589 585 670; x_wconf 85' lang='lat' dir='ltr'>iniquum</span> <span class='ocrx_word' id='word_1_15' title='bbox 602 585 729 673; x_wconf 79' lang='lat' dir='ltr'>frugibus</span> <span class='ocrx_word' id='word_1_16' title='bbox 742 590 855 656; x_wconf 86' lang='lat' dir='ltr'>amnis,</span> <span class='ocrx_word' id='word_1_17' title='bbox 872 597 876 608; x_wconf 84' lang='lat'>&#39;</span> 
     </span>
    </p>
   </div>
   <div class='ocr_carea' id='block_1_3' title="bbox 71 768 1040 2853">
    <p class='ocr_par' dir='ltr' id='par_1_3' title="bbox 71 768 1040 2853">
     <span class='ocr_line' id='line_1_4' title="bbox 132 768 990 839; baseline -0.001 -18"><span class='ocrx_word' id='word_1_18' title='bbox 132 770 362 836; x_wconf 71' lang='lat' dir='ltr'>pronunciatum?</span> <span class='ocrx_word' id='word_1_19' title='bbox 375 784 458 837; x_wconf 88' lang='lat' dir='ltr'>quum</span> <span class='ocrx_word' id='word_1_20' title='bbox 471 784 565 824; x_wconf 91' lang='lat' dir='ltr'>norum</span> <span class='ocrx_word' id='word_1_21' title='bbox 576 770 631 831; x_wconf 85' lang='lat' dir='ltr'>sir,</span> <span class='ocrx_word' id='word_1_22' title='bbox 647 772 759 836; x_wconf 88' lang='lat' dir='ltr'>primam</span> <span class='ocrx_word' id='word_1_23' title='bbox 771 772 799 823; x_wconf 93' lang='lat' dir='ltr'>in</span> <span class='ocrx_word' id='word_1_24' title='bbox 810 768 918 839; x_wconf 75' lang='lat' dir='ltr'><em>glomere</em></span> <span class='ocrx_word' id='word_1_25' title='bbox 928 790 990 839; x_wconf 87' lang='lat' dir='ltr'>pro.</span> 
     </span>
     <span class='ocr_line' id='line_1_5' title="bbox 134 839 988 908; baseline 0.006 -15"><span class='ocrx_word' id='word_1_26' title='bbox 134 839 245 893; x_wconf 85' lang='lat' dir='ltr'>ductam</span> <span class='ocrx_word' id='word_1_27' title='bbox 261 840 418 893; x_wconf 81' lang='lat' dir='ltr'>tLutrerid</span> <span class='ocrx_word' id='word_1_28' title='bbox 431 843 450 891; x_wconf 92' lang='lat' dir='ltr'>l.</span> <span class='ocrx_word' id='word_1_29' title='bbox 466 844 529 904; x_wconf 79' lang='lat'>361.</span> <span class='ocrx_word' id='word_1_30' title='bbox 539 840 708 908; x_wconf 68' lang='lat' dir='ltr'>¹,similique</span> <span class='ocrx_word' id='word_1_31' title='bbox 722 844 802 894; x_wconf 90' lang='lat' dir='ltr'>modo</span> <span class='ocrx_word' id='word_1_32' title='bbox 818 844 845 892; x_wconf 91' lang='lat' dir='ltr'>in</span> <span class='ocrx_word' id='word_1_33' title='bbox 860 844 988 898; x_wconf 74' lang='lat' dir='ltr'>ltaliala·</span> 
     </span>
     <span class='ocr_line' id='line_1_6' title="bbox 132 909 988 980; baseline 0.007 -19"><span class='ocrx_word' id='word_1_34' title='bbox 132 923 206 964; x_wconf 87' lang='lat' dir='ltr'>ctum</span> <span class='ocrx_word' id='word_1_35' title='bbox 219 921 236 960; x_wconf 73' lang='lat' dir='ltr'>a&#39;</span> <span class='ocrx_word' id='word_1_36' title='bbox 247 909 382 975; x_wconf 79' lang='lat' dir='ltr'>Virgilio;</span> <span class='ocrx_word' id='word_1_37' title='bbox 404 924 433 966; x_wconf 89' lang='lat' dir='ltr'>ut</span> <span class='ocrx_word' id='word_1_38' title='bbox 442 910 587 963; x_wconf 83' lang='lat' dir='ltr'>observant</span> <span class='ocrx_word' id='word_1_39' title='bbox 607 910 678 963; x_wconf 89' lang='lat' dir='ltr'>idem</span> <span class='ocrx_word' id='word_1_40' title='bbox 689 912 864 980; x_wconf 62' lang='lat' dir='ltr'>Quinctilrl.</span> <span class='ocrx_word' id='word_1_41' title='bbox 875 921 912 972; x_wconf 79' lang='lat'>5„</span> <span class='ocrx_word' id='word_1_42' title='bbox 924 929 952 965; x_wconf 90' lang='lat' dir='ltr'>et</span> <span class='ocrx_word' id='word_1_43' title='bbox 961 918 988 967; x_wconf 73' lang='lat' dir='ltr'>St</span> 
     </span>
     <span class='ocr_line' id='line_1_7' title="bbox 131 980 988 1054; baseline 0.008 -23"><span class='ocrx_word' id='word_1_44' title='bbox 131 980 294 1054; x_wconf 69' lang='lat' dir='ltr'>Augustinus</span> <span class='ocrx_word' id='word_1_45' title='bbox 307 981 340 1030; x_wconf 80' lang='lat' dir='ltr'>tle</span> <span class='ocrx_word' id='word_1_46' title='bbox 355 981 633 1045; x_wconf 82' lang='lat' dir='ltr'>Doctr.Clrrist.ll.83.</span> <span class='ocrx_word' id='word_1_47' title='bbox 647 997 656 1041; x_wconf 85' lang='lat'>;</span> <span class='ocrx_word' id='word_1_48' title='bbox 670 981 749 1038; x_wconf 76' lang='lat' dir='ltr'>etsie</span> <span class='ocrx_word' id='word_1_49' title='bbox 767 982 864 1045; x_wconf 82' lang='lat' dir='ltr'>passim</span> <span class='ocrx_word' id='word_1_50' title='bbox 885 982 913 1034; x_wconf 89' lang='lat' dir='ltr'>in</span> <span class='ocrx_word' id='word_1_51' title='bbox 925 986 988 1038; x_wconf 77' lang='lat' dir='ltr'>aliis</span> 
     </span>
     <span class='ocr_line' id='line_1_8' title="bbox 131 1049 989 1116; baseline 0.007 -18"><span class='ocrx_word' id='word_1_52' title='bbox 131 1049 244 1102; x_wconf 90' lang='lat' dir='ltr'>vocibus</span> <span class='ocrx_word' id='word_1_53' title='bbox 256 1049 288 1099; x_wconf 84' lang='lat' dir='ltr'>ab</span> <span class='ocrx_word' id='word_1_54' title='bbox 299 1050 424 1100; x_wconf 88' lang='lat' dir='ltr'>omnibus</span> <span class='ocrx_word' id='word_1_55' title='bbox 438 1051 583 1116; x_wconf 86' lang='lat' dir='ltr'>poetis,qui</span> <span class='ocrx_word' id='word_1_56' title='bbox 596 1066 643 1114; x_wconf 90' lang='lat' dir='ltr'>pro</span> <span class='ocrx_word' id='word_1_57' title='bbox 656 1050 743 1101; x_wconf 90' lang='lat' dir='ltr'>lubito</span> <span class='ocrx_word' id='word_1_58' title='bbox 755 1050 909 1113; x_wconf 85' lang='lat' dir='ltr'>producunt</span> <span class='ocrx_word' id='word_1_59' title='bbox 921 1087 930 1112; x_wconf 96' lang='lat'>,</span> <span class='ocrx_word' id='word_1_60' title='bbox 943 1057 989 1106; x_wconf 89' lang='lat' dir='ltr'>vel</span> 
     </span>
     <span class='ocr_line' id='line_1_9' title="bbox 133 1118 987 1187; baseline 0.006 -16"><span class='ocrx_word' id='word_1_61' title='bbox 133 1118 261 1171; x_wconf 79' lang='lat' dir='ltr'>breviant</span> <span class='ocrx_word' id='word_1_62' title='bbox 273 1118 387 1180; x_wconf 78' lang='lat' dir='ltr'>syllabas</span> <span class='ocrx_word' id='word_1_63' title='bbox 397 1120 407 1169; x_wconf 84' lang='lat' dir='ltr'>i</span> <span class='ocrx_word' id='word_1_64' title='bbox 418 1120 476 1171; x_wconf 89' lang='lat' dir='ltr'>Nec</span> <span class='ocrx_word' id='word_1_65' title='bbox 492 1121 566 1172; x_wconf 88' lang='lat' dir='ltr'>videt</span> <span class='ocrx_word' id='word_1_66' title='bbox 579 1121 726 1179; x_wconf 81' lang='lat' dir='ltr'>bentleius,</span> <span class='ocrx_word' id='word_1_67' title='bbox 740 1120 862 1186; x_wconf 84' lang='lat' dir='ltr'>aliique,</span> <span class='ocrx_word' id='word_1_68' title='bbox 875 1122 987 1187; x_wconf 87' lang='lat' dir='ltr'>dempto</span> 
     </span>
     <span class='ocr_line' id='line_1_10' title="bbox 134 1188 989 1257; baseline 0.008 -20"><span class='ocrx_word' id='word_1_69' title='bbox 134 1188 184 1239; x_wconf 91' lang='lat' dir='ltr'>illo</span> <span class='ocrx_word' id='word_1_70' title='bbox 197 1190 242 1240; x_wconf 82' lang='lat' dir='ltr'>eliu</span> <span class='ocrx_word' id='word_1_71' title='bbox 254 1197 263 1252; x_wconf 91' lang='lat'>(</span> <span class='ocrx_word' id='word_1_72' title='bbox 277 1203 356 1254; x_wconf 84' lang='lat' dir='ltr'>quarn</span> <span class='ocrx_word' id='word_1_73' title='bbox 369 1190 480 1241; x_wconf 78' lang='lat' dir='ltr'>Waltei.</span> <span class='ocrx_word' id='word_1_74' title='bbox 490 1195 697 1246; x_wconf 75' lang='lat' dir='ltr'>uotemotlorem,</span> <span class='ocrx_word' id='word_1_75' title='bbox 713 1200 736 1239; x_wconf 91' lang='lat' dir='ltr'>er</span> <span class='ocrx_word' id='word_1_76' title='bbox 748 1193 876 1257; x_wconf 77' lang='lat' dir='ltr'>ineptam,</span> <span class='ocrx_word' id='word_1_77' title='bbox 895 1207 911 1242; x_wconf 84' lang='lat' dir='ltr'><em>a</em></span> <span class='ocrx_word' id='word_1_78' title='bbox 924 1197 989 1243; x_wconf 83' lang='lat' dir='ltr'>serl-</span> 
     </span>
     <span class='ocr_line' id='line_1_11' title="bbox 108 1256 989 1327; baseline 0.012 -23"><span class='ocrx_word' id='word_1_79' title='bbox 108 1291 111 1298; x_wconf 30' lang='grc' dir='ltr'><em>ι</em></span> <span class='ocrx_word' id='word_1_80' title='bbox 130 1256 161 1308; x_wconf 83' lang='lat' dir='ltr'>ba</span> <span class='ocrx_word' id='word_1_81' title='bbox 173 1262 300 1309; x_wconf 77' lang='lat' dir='ltr'>intrusam</span> <span class='ocrx_word' id='word_1_82' title='bbox 318 1257 428 1310; x_wconf 81' lang='lat' dir='ltr'>affirmat</span> <span class='ocrx_word' id='word_1_83' title='bbox 440 1264 449 1317; x_wconf 79' lang='lat' dir='ltr'>l</span> <span class='ocrx_word' id='word_1_84' title='bbox 463 1263 573 1311; x_wconf 84' lang='lat' dir='ltr'>omnem</span> <span class='ocrx_word' id='word_1_85' title='bbox 589 1260 754 1327; x_wconf 76' lang='lat' dir='ltr'>elegantiam</span> <span class='ocrx_word' id='word_1_86' title='bbox 767 1261 876 1318; x_wconf 70' lang='lat' dir='ltr'>amittit</span> <span class='ocrx_word' id='word_1_87' title='bbox 902 1274 930 1312; x_wconf 92' lang='lat' dir='ltr'>et</span> <span class='ocrx_word' id='word_1_88' title='bbox 940 1275 989 1315; x_wconf 87' lang='lat' dir='ltr'>ne·</span> 
     </span>
     <span class='ocr_line' id='line_1_12' title="bbox 129 1328 988 1396; baseline 0.006 -18"><span class='ocrx_word' id='word_1_89' title='bbox 129 1328 306 1386; x_wconf 75' lang='lat' dir='ltr'>cessitatem,</span> <span class='ocrx_word' id='word_1_90' title='bbox 326 1328 529 1394; x_wconf 77' lang='lat' dir='ltr'>utilitatemque</span> <span class='ocrx_word' id='word_1_91' title='bbox 542 1331 630 1393; x_wconf 86' lang='lat' dir='ltr'>operis</span> <span class='ocrx_word' id='word_1_92' title='bbox 651 1334 707 1379; x_wconf 84' lang='lat' dir='ltr'>iere</span> <span class='ocrx_word' id='word_1_93' title='bbox 719 1331 896 1396; x_wconf 76' lang='lat' dir='ltr'>evanescere3</span> <span class='ocrx_word' id='word_1_94' title='bbox 919 1348 988 1383; x_wconf 89' lang='lat' dir='ltr'>ton·</span> 
     </span>
     <span class='ocr_line' id='line_1_13' title="bbox 127 1397 983 1462; baseline 0.007 -17"><span class='ocrx_word' id='word_1_95' title='bbox 127 1407 168 1449; x_wconf 79' lang='lat' dir='ltr'>tra</span> <span class='ocrx_word' id='word_1_96' title='bbox 182 1409 303 1451; x_wconf 73' lang='lat' dir='ltr'>mestrem</span> <span class='ocrx_word' id='word_1_97' title='bbox 323 1397 427 1455; x_wconf 82' lang='lat' dir='ltr'>Poetae,</span> <span class='ocrx_word' id='word_1_98' title='bbox 451 1398 498 1462; x_wconf 91' lang='lat' dir='ltr'>qui</span> <span class='ocrx_word' id='word_1_99' title='bbox 513 1397 595 1447; x_wconf 88' lang='lat' dir='ltr'>immo</span> <span class='ocrx_word' id='word_1_100' title='bbox 606 1398 675 1447; x_wconf 90' lang='lat' dir='ltr'>illud</span> <span class='ocrx_word' id='word_1_101' title='bbox 688 1400 820 1448; x_wconf 78' lang='lat' dir='ltr'>extollere</span> <span class='ocrx_word' id='word_1_102' title='bbox 834 1399 983 1460; x_wconf 73' lang='lat' dir='ltr'>intendit,</span> 
     </span>
     <span class='ocr_line' id='line_1_14' title="bbox 130 1464 988 1529; baseline 0.006 -11"><span class='ocrx_word' id='word_1_103' title='bbox 130 1481 164 1518; x_wconf 82' lang='lat' dir='ltr'>ex</span> <span class='ocrx_word' id='word_1_104' title='bbox 178 1480 238 1517; x_wconf 90' lang='lat' dir='ltr'>toto</span> <span class='ocrx_word' id='word_1_105' title='bbox 250 1477 407 1516; x_wconf 85' lang='lat' dir='ltr'>contextu:</span> <span class='ocrx_word' id='word_1_106' title='bbox 428 1466 499 1529; x_wconf 87' lang='lat' dir='ltr'>quod</span> <span class='ocrx_word' id='word_1_107' title='bbox 515 1480 610 1528; x_wconf 88' lang='lat' dir='ltr'>nempe</span> <span class='ocrx_word' id='word_1_108' title='bbox 631 1464 745 1529; x_wconf 87' lang='lat' dir='ltr'>antiqua</span> <span class='ocrx_word' id='word_1_109' title='bbox 765 1468 859 1528; x_wconf 88' lang='lat' dir='ltr'>palus,</span> <span class='ocrx_word' id='word_1_110' title='bbox 881 1480 988 1523; x_wconf 84' lang='lat' dir='ltr'>tanturn</span> 
     </span>
     <span class='ocr_line' id='line_1_15' title="bbox 129 1533 990 1604; baseline -0.003 -19"><span class='ocrx_word' id='word_1_111' title='bbox 129 1547 207 1587; x_wconf 78' lang='lat' dir='ltr'>terrae</span> <span class='ocrx_word' id='word_1_112' title='bbox 226 1534 341 1598; x_wconf 80' lang='lat' dir='ltr'>apetium</span> <span class='ocrx_word' id='word_1_113' title='bbox 356 1535 401 1585; x_wconf 85' lang='lat' dir='ltr'>diu</span> <span class='ocrx_word' id='word_1_114' title='bbox 414 1534 512 1585; x_wconf 89' lang='lat' dir='ltr'>inutile</span> <span class='ocrx_word' id='word_1_115' title='bbox 526 1566 534 1591; x_wconf 93' lang='lat'>‚</span> <span class='ocrx_word' id='word_1_116' title='bbox 558 1533 668 1584; x_wconf 77' lang='lat' dir='ltr'>tandem</span> <span class='ocrx_word' id='word_1_117' title='bbox 681 1547 751 1584; x_wconf 89' lang='lat' dir='ltr'>nunc</span> <span class='ocrx_word' id='word_1_118' title='bbox 761 1536 815 1604; x_wconf 78' lang='lat' dir='ltr'>alat</span> <span class='ocrx_word' id='word_1_119' title='bbox 828 1534 990 1589; x_wconf 83' lang='lat' dir='ltr'>vicinatur.</span> 
     </span>
     <span class='ocr_line' id='line_1_16' title="bbox 128 1602 987 1672; baseline 0.001 -16"><span class='ocrx_word' id='word_1_120' title='bbox 128 1602 175 1657; x_wconf 85' lang='lat' dir='ltr'>bes</span> <span class='ocrx_word' id='word_1_121' title='bbox 191 1621 201 1664; x_wconf 81' lang='lat'>3</span> <span class='ocrx_word' id='word_1_122' title='bbox 216 1616 250 1656; x_wconf 80' lang='lat' dir='ltr'>et</span> <span class='ocrx_word' id='word_1_123' title='bbox 260 1602 336 1655; x_wconf 89' lang='lat' dir='ltr'>cuius</span> <span class='ocrx_word' id='word_1_124' title='bbox 354 1603 501 1654; x_wconf 78' lang='lat' dir='ltr'>exsiccatio</span> <span class='ocrx_word' id='word_1_125' title='bbox 511 1603 664 1654; x_wconf 83' lang='lat' dir='ltr'>conferatur</span> <span class='ocrx_word' id='word_1_126' title='bbox 678 1618 738 1672; x_wconf 88' lang='lat' dir='ltr'>cum</span> <span class='ocrx_word' id='word_1_127' title='bbox 749 1606 817 1670; x_wconf 82' lang='lat' dir='ltr'>regie</span> <span class='ocrx_word' id='word_1_128' title='bbox 828 1608 987 1664; x_wconf 80' lang='lat' dir='ltr'>opeeenovt</span> 
     </span>
     <span class='ocr_line' id='line_1_17' title="bbox 128 1673 1040 1737; baseline 0.002 -12"><span class='ocrx_word' id='word_1_129' title='bbox 128 1688 222 1737; x_wconf 86' lang='lat' dir='ltr'>portus</span> <span class='ocrx_word' id='word_1_130' title='bbox 234 1707 242 1725; x_wconf 91' lang='lat'><strong>.</strong></span> <span class='ocrx_word' id='word_1_131' title='bbox 262 1673 360 1724; x_wconf 85' lang='lat' dir='ltr'>Eodem</span> <span class='ocrx_word' id='word_1_132' title='bbox 374 1675 483 1725; x_wconf 87' lang='lat' dir='ltr'>horrore</span> <span class='ocrx_word' id='word_1_133' title='bbox 496 1674 620 1724; x_wconf 82' lang='lat' dir='ltr'>concussi</span> <span class='ocrx_word' id='word_1_134' title='bbox 632 1673 680 1723; x_wconf 87' lang='lat' dir='ltr'>alii</span> <span class='ocrx_word' id='word_1_135' title='bbox 692 1673 771 1723; x_wconf 85' lang='lat' dir='ltr'>aliter</span> <span class='ocrx_word' id='word_1_136' title='bbox 784 1674 883 1724; x_wconf 57' lang='lat' dir='ltr'>locum«</span> <span class='ocrx_word' id='word_1_137' title='bbox 893 1687 987 1728; x_wconf 87' lang='lat' dir='ltr'>emen·</span> <span class='ocrx_word' id='word_1_138' title='bbox 1035 1726 1040 1737; x_wconf 80' lang='grc'><strong>,</strong></span> 
     </span>
     <span class='ocr_line' id='line_1_18' title="bbox 129 1740 987 1803; baseline 0.002 -9"><span class='ocrx_word' id='word_1_139' title='bbox 129 1740 395 1800; x_wconf 64' lang='lat' dir='ltr'>dammaturus,</span> <span class='ocrx_word' id='word_1_140' title='bbox 416 1757 451 1793; x_wconf 87' lang='lat' dir='ltr'>ex</span> <span class='ocrx_word' id='word_1_141' title='bbox 466 1757 528 1794; x_wconf 87' lang='lat' dir='ltr'>mss.</span> <span class='ocrx_word' id='word_1_142' title='bbox 542 1757 570 1793; x_wconf 91' lang='lat' dir='ltr'>et</span> <span class='ocrx_word' id='word_1_143' title='bbox 590 1743 747 1801; x_wconf 85' lang='lat' dir='ltr'>Prisciano,</span> <span class='ocrx_word' id='word_1_144' title='bbox 766 1756 795 1793; x_wconf 93' lang='lat' dir='ltr'>ut</span> <span class='ocrx_word' id='word_1_145' title='bbox 811 1743 927 1803; x_wconf 87' lang='lat' dir='ltr'>asserir,</span> <span class='ocrx_word' id='word_1_146' title='bbox 946 1748 987 1797; x_wconf 84' lang='lat' dir='ltr'>le·</span> 
     </span>
     <span class='ocr_line' id='line_1_19' title="bbox 126 1811 984 1881; baseline 0.003 -18"><span class='ocrx_word' id='word_1_147' title='bbox 126 1811 167 1880; x_wconf 78' lang='lat' dir='ltr'>gir</span> <span class='ocrx_word' id='word_1_148' title='bbox 181 1847 189 1872; x_wconf 95' lang='lat'>,</span> <span class='ocrx_word' id='word_1_149' title='bbox 209 1811 353 1881; x_wconf 80' lang='lat' dir='ltr'>sterilisque</span> <span class='ocrx_word' id='word_1_150' title='bbox 362 1812 434 1881; x_wconf 75' lang='lat' dir='ltr'>pelas</span> <span class='ocrx_word' id='word_1_151' title='bbox 447 1845 455 1870; x_wconf 89' lang='lat'>,</span> <span class='ocrx_word' id='word_1_152' title='bbox 476 1821 616 1881; x_wconf 72' lang='lat' dir='ltr'>aptataque</span> <span class='ocrx_word' id='word_1_153' title='bbox 626 1818 699 1863; x_wconf 78' lang='lat' dir='ltr'>remis</span> <span class='ocrx_word' id='word_1_154' title='bbox 709 1812 851 1879; x_wconf 55' lang='lat' dir='ltr'>scunln&#39;gt</span> <span class='ocrx_word' id='word_1_155' title='bbox 858 1813 984 1874; x_wconf 87' lang='lat' dir='ltr'>coniicit,</span> 
     </span>
     <span class='ocr_line' id='line_1_20' title="bbox 126 1881 983 1951; baseline 0.002 -18"><span class='ocrx_word' id='word_1_156' title='bbox 126 1881 252 1933; x_wconf 76' lang='lat' dir='ltr'>sterilisve</span> <span class='ocrx_word' id='word_1_157' title='bbox 262 1882 335 1951; x_wconf 83' lang='lat' dir='ltr'>palus</span> <span class='ocrx_word' id='word_1_158' title='bbox 348 1881 559 1951; x_wconf 67' lang='lat' dir='ltr'>intimansque</span> <span class='ocrx_word' id='word_1_159' title='bbox 568 1885 643 1933; x_wconf 85' lang='lat' dir='ltr'>remis</span> <span class='ocrx_word' id='word_1_160' title='bbox 656 1898 665 1943; x_wconf 86' lang='lat'>;</span> <span class='ocrx_word' id='word_1_161' title='bbox 680 1884 723 1933; x_wconf 84' lang='lat' dir='ltr'>vel</span> <span class='ocrx_word' id='word_1_162' title='bbox 732 1881 883 1950; x_wconf 65' lang='lat' dir='ltr'>pulsataque</span> <span class='ocrx_word' id='word_1_163' title='bbox 897 1888 983 1944; x_wconf 83' lang='lat' dir='ltr'>remis,</span> 
     </span>
     <span class='ocr_line' id='line_1_21' title="bbox 130 1951 983 2021; baseline 0.005 -20"><span class='ocrx_word' id='word_1_164' title='bbox 130 1954 177 2001; x_wconf 82' lang='lat' dir='ltr'>vel</span> <span class='ocrx_word' id='word_1_165' title='bbox 187 1955 340 2021; x_wconf 75' lang='lat' dir='ltr'>agitataque</span> <span class='ocrx_word' id='word_1_166' title='bbox 351 1957 517 2017; x_wconf 73' lang='lat' dir='ltr'>remiuquam</span> <span class='ocrx_word' id='word_1_167' title='bbox 529 1952 655 2004; x_wconf 86' lang='lat' dir='ltr'>ultimam</span> <span class='ocrx_word' id='word_1_168' title='bbox 665 1951 841 2015; x_wconf 72' lang='lat' dir='ltr'>amplectitur</span> <span class='ocrx_word' id='word_1_169' title='bbox 850 1953 963 2005; x_wconf 82' lang='lat' dir='ltr'>Wakei.</span> <span class='ocrx_word' id='word_1_170' title='bbox 977 1971 983 2005; x_wconf 91' lang='lat'>:</span> 
     </span>
     <span class='ocr_line' id='line_1_22' title="bbox 126 2020 989 2086; baseline 0.003 -15"><span class='ocrx_word' id='word_1_171' title='bbox 126 2021 301 2072; x_wconf 79' lang='lat' dir='ltr'>Marklandus</span> <span class='ocrx_word' id='word_1_172' title='bbox 314 2022 346 2074; x_wconf 86' lang='lat' dir='ltr'>ad</span> <span class='ocrx_word' id='word_1_173' title='bbox 356 2020 493 2084; x_wconf 82' lang='lat' dir='ltr'>Euripidis</span> <span class='ocrx_word' id='word_1_174' title='bbox 503 2023 648 2086; x_wconf 79' lang='lat' dir='ltr'>Supplices,</span> <span class='ocrx_word' id='word_1_175' title='bbox 657 2023 683 2072; x_wconf 89' lang='lat' dir='ltr'>ln</span> <span class='ocrx_word' id='word_1_176' title='bbox 694 2021 822 2073; x_wconf 78' lang='lat' dir='ltr'>addendis</span> <span class='ocrx_word' id='word_1_177' title='bbox 837 2021 920 2086; x_wconf 75' lang='lat' dir='ltr'>legit,</span> <span class='ocrx_word' id='word_1_178' title='bbox 937 2036 989 2074; x_wconf 82' lang='lat' dir='ltr'>ere·</span> 
     </span>
     <span class='ocr_line' id='line_1_23' title="bbox 128 2089 984 2161; baseline 0.006 -21"><span class='ocrx_word' id='word_1_179' title='bbox 128 2090 299 2159; x_wconf 76' lang='lat' dir='ltr'>rilisuepalue</span> <span class='ocrx_word' id='word_1_180' title='bbox 309 2105 323 2149; x_wconf 77' lang='lat'>,¹</span> <span class='ocrx_word' id='word_1_181' title='bbox 340 2089 491 2161; x_wconf 70' lang='lat' dir='ltr'>pulsataque</span> <span class='ocrx_word' id='word_1_182' title='bbox 504 2096 598 2150; x_wconf 84' lang='lat' dir='ltr'>remis,</span> <span class='ocrx_word' id='word_1_183' title='bbox 616 2105 697 2157; x_wconf 87' lang='lat' dir='ltr'>quern</span> <span class='ocrx_word' id='word_1_184' title='bbox 710 2091 836 2157; x_wconf 82' lang='lat' dir='ltr'>sequitur</span> <span class='ocrx_word' id='word_1_185' title='bbox 854 2093 960 2143; x_wconf 78' lang='lat' dir='ltr'>Schelle</span> <span class='ocrx_word' id='word_1_186' title='bbox 974 2126 984 2145; x_wconf 81' lang='grc'><strong>.</strong></span> 
     </span>
     <span class='ocr_line' id='line_1_24' title="bbox 71 2160 1017 2226; baseline 0.004 -16"><span class='ocrx_word' id='word_1_187' title='bbox 71 2172 76 2180; x_wconf 79' lang='grc'><strong>’</strong></span> <span class='ocrx_word' id='word_1_188' title='bbox 128 2162 218 2226; x_wconf 73' lang='lat' dir='ltr'>Apage</span> <span class='ocrx_word' id='word_1_189' title='bbox 233 2174 272 2211; x_wconf 90' lang='lat' dir='ltr'>tor</span> <span class='ocrx_word' id='word_1_190' title='bbox 287 2160 426 2225; x_wconf 70' lang='lat' dir='ltr'>ineptiast</span> <span class='ocrx_word' id='word_1_191' title='bbox 443 2175 470 2226; x_wconf 89' lang='lat' dir='ltr'>et</span> <span class='ocrx_word' id='word_1_192' title='bbox 493 2162 631 2213; x_wconf 79' lang='lat' dir='ltr'>laudemus</span> <span class='ocrx_word' id='word_1_193' title='bbox 645 2163 751 2226; x_wconf 86' lang='lat' dir='ltr'>potius,</span> <span class='ocrx_word' id='word_1_194' title='bbox 772 2178 833 2214; x_wconf 83' lang='lat' dir='ltr'>curn</span> <span class='ocrx_word' id='word_1_195' title='bbox 844 2161 983 2214; x_wconf 74' lang='lat' dir='ltr'>verersstus</span> <span class='ocrx_word' id='word_1_196' title='bbox 1011 2169 1017 2180; x_wconf 71' lang='lat'>‘</span> 
     </span>
     <span class='ocr_line' id='line_1_25' title="bbox 106 2230 986 2298; baseline 0.005 -21"><span class='ocrx_word' id='word_1_197' title='bbox 106 2280 108 2284; x_wconf 61' lang='grc'>,</span> <span class='ocrx_word' id='word_1_198' title='bbox 129 2230 338 2290; x_wconf 78' lang='lat' dir='ltr'>Grammaticis,</span> <span class='ocrx_word' id='word_1_199' title='bbox 363 2230 504 2282; x_wconf 82' lang='lat' dir='ltr'>licentiam</span> <span class='ocrx_word' id='word_1_200' title='bbox 519 2243 651 2298; x_wconf 84' lang='lat' dir='ltr'>sumptam</span> <span class='ocrx_word' id='word_1_201' title='bbox 663 2232 823 2295; x_wconf 77' lang='lat' dir='ltr'>pudenter,</span> <span class='ocrx_word' id='word_1_202' title='bbox 838 2231 986 2285; x_wconf 85' lang='lat' dir='ltr'>silicentia</span> 
     </span>
     <span class='ocr_line' id='line_1_26' title="bbox 125 2298 987 2369; baseline 0.005 -21"><span class='ocrx_word' id='word_1_203' title='bbox 125 2298 242 2352; x_wconf 76' lang='lat' dir='ltr'>dicende</span> <span class='ocrx_word' id='word_1_204' title='bbox 256 2313 315 2352; x_wconf 85' lang='lat' dir='ltr'>est.</span> <span class='ocrx_word' id='word_1_205' title='bbox 354 2304 383 2356; x_wconf 84' lang='lat'>65</span> <span class='ocrx_word' id='word_1_206' title='bbox 409 2300 425 2329; x_wconf 71' lang='lat'>⁴*</span> <span class='ocrx_word' id='word_1_207' title='bbox 451 2305 643 2369; x_wconf 77' lang='lat' dir='ltr'>uttaqueremis</span> <span class='ocrx_word' id='word_1_208' title='bbox 666 2301 866 2368; x_wconf 75' lang='lat' dir='ltr'>V.D.attuque</span> <span class='ocrx_word' id='word_1_209' title='bbox 886 2304 987 2357; x_wconf 71' lang='lat' dir='ltr'>Ami).</span> 
     </span>
     <span class='ocr_line' id='line_1_27' title="bbox 125 2366 987 2438; baseline 0.002 -20"><span class='ocrx_word' id='word_1_210' title='bbox 125 2366 229 2438; x_wconf 76' lang='lat' dir='ltr'>altaque</span> <span class='ocrx_word' id='word_1_211' title='bbox 242 2371 291 2420; x_wconf 90' lang='lat' dir='ltr'>Vr.</span> <span class='ocrx_word' id='word_1_212' title='bbox 305 2372 328 2420; x_wconf 89' lang='lat' dir='ltr'>l.</span> <span class='ocrx_word' id='word_1_213' title='bbox 371 2373 405 2420; x_wconf 87' lang='lat'>66</span> <span class='ocrx_word' id='word_1_214' title='bbox 424 2370 439 2399; x_wconf 76' lang='lat'><em>*</em></span> <span class='ocrx_word' id='word_1_215' title='bbox 459 2371 563 2422; x_wconf 79' lang='lat' dir='ltr'>Vltimus</span> <span class='ocrx_word' id='word_1_216' title='bbox 575 2368 626 2421; x_wconf 79' lang='lat' dir='ltr'>elit</span> <span class='ocrx_word' id='word_1_217' title='bbox 645 2370 715 2420; x_wconf 82' lang='lat' dir='ltr'>urbes</span> <span class='ocrx_word' id='word_1_218' title='bbox 729 2371 813 2420; x_wconf 81' lang='lat' dir='ltr'>Vr.G.</span> <span class='ocrx_word' id='word_1_219' title='bbox 825 2370 901 2432; x_wconf 86' lang='lat' dir='ltr'>Apud</span> <span class='ocrx_word' id='word_1_220' title='bbox 916 2373 987 2421; x_wconf 85' lang='lat' dir='ltr'>Var-</span> 
     </span>
     <span class='ocr_line' id='line_1_28' title="bbox 126 2438 1006 2509; baseline 0.007 -23"><span class='ocrx_word' id='word_1_221' title='bbox 126 2450 219 2491; x_wconf 84' lang='lat' dir='ltr'>ronem</span> <span class='ocrx_word' id='word_1_222' title='bbox 234 2438 267 2490; x_wconf 81' lang='lat' dir='ltr'>d&#39;e</span> <span class='ocrx_word' id='word_1_223' title='bbox 281 2441 431 2491; x_wconf 70' lang='lat' dir='ltr'>seruent.</span> <span class='ocrx_word' id='word_1_224' title='bbox 450 2440 607 2507; x_wconf 81' lang='lat' dir='ltr'>15.legeex</span> <span class='ocrx_word' id='word_1_225' title='bbox 628 2454 676 2490; x_wconf 90' lang='lat' dir='ltr'>ms.</span> <span class='ocrx_word' id='word_1_226' title='bbox 690 2454 696 2489; x_wconf 82' lang='lat' dir='ltr'>t</span> <span class='ocrx_word' id='word_1_227' title='bbox 709 2440 824 2490; x_wconf 76' lang='lat' dir='ltr'>Sustinet</span> <span class='ocrx_word' id='word_1_228' title='bbox 837 2448 934 2509; x_wconf 72' lang='lat' dir='ltr'>sepem,</span> <span class='ocrx_word' id='word_1_229' title='bbox 952 2457 985 2492; x_wconf 81' lang='lat' dir='ltr'>ur</span> <span class='ocrx_word' id='word_1_230' title='bbox 1004 2441 1006 2444; x_wconf 78' lang='grc'><strong>’</strong></span> 
     </span>
     <span class='ocr_line' id='line_1_29' title="bbox 126 2505 983 2580; baseline 0.007 -23"><span class='ocrx_word' id='word_1_231' title='bbox 126 2506 177 2557; x_wconf 78' lang='lat' dir='ltr'>elit</span> <span class='ocrx_word' id='word_1_232' title='bbox 187 2518 198 2576; x_wconf 87' lang='grc'>(</span> <span class='ocrx_word' id='word_1_233' title='bbox 209 2521 259 2575; x_wconf 87' lang='lat' dir='ltr'>pro</span> <span class='ocrx_word' id='word_1_234' title='bbox 271 2526 304 2561; x_wconf 83' lang='lat' dir='ltr'>ac</span> <span class='ocrx_word' id='word_1_235' title='bbox 316 2510 397 2568; x_wconf 82' lang='lat' dir='ltr'>colit)</span> <span class='ocrx_word' id='word_1_236' title='bbox 418 2509 518 2580; x_wconf 79' lang='lat' dir='ltr'>aliquot</span> <span class='ocrx_word' id='word_1_237' title='bbox 531 2505 647 2561; x_wconf 77' lang='lat' dir='ltr'>eorlrulss</span> <span class='ocrx_word' id='word_1_238' title='bbox 659 2524 768 2560; x_wconf 74' lang='lat' dir='ltr'>uturum</span> <span class='ocrx_word' id='word_1_239' title='bbox 782 2542 790 2559; x_wconf 87' lang='lat'><strong>.</strong></span> <span class='ocrx_word' id='word_1_240' title='bbox 826 2512 858 2567; x_wconf 85' lang='lat'>67</span> <span class='ocrx_word' id='word_1_241' title='bbox 879 2512 961 2561; x_wconf 81' lang='lat' dir='ltr'>amuis</span> <span class='ocrx_word' id='word_1_242' title='bbox 974 2544 983 2563; x_wconf 85' lang='grc'><strong>.</strong></span> 
     </span>
     <span class='ocr_line' id='line_1_30' title="bbox 124 2575 992 2645; baseline 0.008 -21"><span class='ocrx_word' id='word_1_243' title='bbox 124 2575 208 2631; x_wconf 80' lang='lat' dir='ltr'>Primi</span> <span class='ocrx_word' id='word_1_244' title='bbox 220 2581 308 2630; x_wconf 82' lang='lat' dir='ltr'>Acron</span> <span class='ocrx_word' id='word_1_245' title='bbox 321 2612 329 2638; x_wconf 91' lang='lat'>‚</span> <span class='ocrx_word' id='word_1_246' title='bbox 345 2593 373 2629; x_wconf 91' lang='lat' dir='ltr'>et</span> <span class='ocrx_word' id='word_1_247' title='bbox 386 2578 533 2644; x_wconf 75' lang='lat' dir='ltr'>Porphyrio</span> <span class='ocrx_word' id='word_1_248' title='bbox 543 2579 626 2638; x_wconf 81' lang='lat' dir='ltr'>,inde</span> <span class='ocrx_word' id='word_1_249' title='bbox 641 2579 808 2631; x_wconf 83' lang='lat' dir='ltr'>recentiores</span> <span class='ocrx_word' id='word_1_250' title='bbox 819 2579 992 2645; x_wconf 67' lang='lat' dir='ltr'>interpretes</span> 
     </span>
     <span class='ocr_line' id='line_1_31' title="bbox 125 2647 982 2716; baseline 0.004 -20"><span class='ocrx_word' id='word_1_251' title='bbox 125 2659 179 2699; x_wconf 85' lang='lat' dir='ltr'>trun</span> <span class='ocrx_word' id='word_1_252' title='bbox 191 2649 288 2712; x_wconf 85' lang='lat' dir='ltr'>pauci,</span> <span class='ocrx_word' id='word_1_253' title='bbox 303 2649 443 2707; x_wconf 81' lang='lat' dir='ltr'>Grilolus,</span> <span class='ocrx_word' id='word_1_254' title='bbox 460 2648 627 2706; x_wconf 87' lang='lat' dir='ltr'>sanadonus,</span> <span class='ocrx_word' id='word_1_255' title='bbox 644 2647 692 2698; x_wconf 87' lang='lat' dir='ltr'>alli</span> <span class='ocrx_word' id='word_1_256' title='bbox 707 2681 714 2706; x_wconf 96' lang='lat'>,</span> <span class='ocrx_word' id='word_1_257' title='bbox 728 2662 890 2712; x_wconf 81' lang='lat' dir='ltr'>exponunt,</span> <span class='ocrx_word' id='word_1_258' title='bbox 908 2648 982 2716; x_wconf 82' lang='lat' dir='ltr'>quod</span> 
     </span>
     <span class='ocr_line' id='line_1_32' title="bbox 127 2716 981 2783; baseline 0.004 -17"><span class='ocrx_word' id='word_1_259' title='bbox 127 2730 209 2780; x_wconf 88' lang='lat' dir='ltr'>quum</span> <span class='ocrx_word' id='word_1_260' title='bbox 231 2732 275 2780; x_wconf 86' lang='lat' dir='ltr'>per</span> <span class='ocrx_word' id='word_1_261' title='bbox 293 2717 439 2769; x_wconf 85' lang='lat' dir='ltr'>Velabrum</span> <span class='ocrx_word' id='word_1_262' title='bbox 451 2716 560 2768; x_wconf 85' lang='lat' dir='ltr'>Tiberis</span> <span class='ocrx_word' id='word_1_263' title='bbox 579 2716 673 2768; x_wconf 78' lang='lat' dir='ltr'>tuerer</span> <span class='ocrx_word' id='word_1_264' title='bbox 692 2752 701 2777; x_wconf 93' lang='lat'>,</span> <span class='ocrx_word' id='word_1_265' title='bbox 723 2719 833 2783; x_wconf 79' lang='lat' dir='ltr'>Augusti</span> <span class='ocrx_word' id='word_1_266' title='bbox 858 2720 928 2770; x_wconf 85' lang='lat' dir='ltr'>iussu</span> <span class='ocrx_word' id='word_1_267' title='bbox 948 2716 981 2769; x_wconf 80' lang='lat' dir='ltr'>sb</span> 
     </span>
     <span class='ocr_line' id='line_1_33' title="bbox 125 2784 982 2853; baseline 0.004 -20"><span class='ocrx_word' id='word_1_268' title='bbox 125 2784 243 2852; x_wconf 73' lang='lat' dir='ltr'>Agrippa</span> <span class='ocrx_word' id='word_1_269' title='bbox 255 2785 385 2838; x_wconf 85' lang='lat' dir='ltr'>deductus</span> <span class='ocrx_word' id='word_1_270' title='bbox 395 2787 430 2837; x_wconf 84' lang='lat' dir='ltr'>sit</span> <span class='ocrx_word' id='word_1_271' title='bbox 444 2820 451 2845; x_wconf 90' lang='lat'>,</span> <span class='ocrx_word' id='word_1_272' title='bbox 470 2801 522 2853; x_wconf 86' lang='lat' dir='ltr'>qua</span> <span class='ocrx_word' id='word_1_273' title='bbox 533 2802 602 2838; x_wconf 86' lang='lat' dir='ltr'>nttnc</span> <span class='ocrx_word' id='word_1_274' title='bbox 614 2785 694 2837; x_wconf 73' lang='lat' dir='ltr'>llait.</span> <span class='ocrx_word' id='word_1_275' title='bbox 712 2787 740 2837; x_wconf 88' lang='lat' dir='ltr'>id</span> <span class='ocrx_word' id='word_1_276' title='bbox 754 2789 849 2839; x_wconf 83' lang='lat' dir='ltr'>laisum</span> <span class='ocrx_word' id='word_1_277' title='bbox 861 2804 916 2839; x_wconf 87' lang='lat' dir='ltr'>esse</span> <span class='ocrx_word' id='word_1_278' title='bbox 932 2801 982 2837; x_wconf 84' lang='lat' dir='ltr'>no·</span> 
     </span>
    </p>
   </div>
   <div class='ocr_carea' id='block_1_4' title="bbox 126 2855 1076 2928">
    <p class='ocr_par' dir='ltr' id='par_1_4' title="bbox 126 2855 1076 2928">
     <span class='ocr_line' id='line_1_34' title="bbox 126 2855 1076 2928; baseline 0.002 -25"><span class='ocrx_word' id='word_1_279' title='bbox 126 2855 629 2922; x_wconf 78' lang='lat' dir='ltr'>runr,quierTlroLiv.l.c.16.n.38.,</span> <span class='ocrx_word' id='word_1_280' title='bbox 651 2857 919 2917; x_wconf 65' lang='lat' dir='ltr'>victimationem.</span> <span class='ocrx_word' id='word_1_281' title='bbox 935 2856 983 2908; x_wconf 87' lang='lat' dir='ltr'>ill.</span> <span class='ocrx_word' id='word_1_282' title='bbox 1074 2917 1076 2928; x_wconf 58' lang='lat'>,</span> 
     </span>
    </p>
   </div>
   <div class='ocr_carea' id='block_1_5' title="bbox 117 2926 993 3558">
    <p class='ocr_par' dir='ltr' id='par_1_5' title="bbox 117 2926 993 3558">
     <span class='ocr_line' id='line_1_35' title="bbox 126 2926 979 2991; baseline 0.006 -17"><span class='ocrx_word' id='word_1_283' title='bbox 126 2926 435 2991; x_wconf 76' lang='lat' dir='ltr'>e.6e.aelunt,c1oacam</span> <span class='ocrx_word' id='word_1_284' title='bbox 446 2927 589 2978; x_wconf 78' lang='lat' dir='ltr'>maximam</span> <span class='ocrx_word' id='word_1_285' title='bbox 602 2941 649 2991; x_wconf 87' lang='lat' dir='ltr'>per</span> <span class='ocrx_word' id='word_1_286' title='bbox 661 2926 808 2980; x_wconf 77' lang='lat' dir='ltr'>Velabrum</span> <span class='ocrx_word' id='word_1_287' title='bbox 820 2929 979 2991; x_wconf 81' lang='lat' dir='ltr'>productam</span> 
     </span>
     <span class='ocr_line' id='line_1_36' title="bbox 126 2994 979 3063; baseline 0.006 -21"><span class='ocrx_word' id='word_1_288' title='bbox 126 3006 141 3042; x_wconf 83' lang='lat' dir='ltr'>a</span> <span class='ocrx_word' id='word_1_289' title='bbox 161 2994 310 3063; x_wconf 82' lang='lat' dir='ltr'>Tarquinio</span> <span class='ocrx_word' id='word_1_290' title='bbox 336 2994 427 3048; x_wconf 84' lang='lat' dir='ltr'>Prisco</span> <span class='ocrx_word' id='word_1_291' title='bbox 448 2998 480 3047; x_wconf 89' lang='lat' dir='ltr'>ad</span> <span class='ocrx_word' id='word_1_292' title='bbox 496 2996 614 3049; x_wconf 80' lang='lat' dir='ltr'>fluminis</span> <span class='ocrx_word' id='word_1_293' title='bbox 634 2998 741 3062; x_wconf 83' lang='lat' dir='ltr'>ripam,</span> <span class='ocrx_word' id='word_1_294' title='bbox 762 2996 811 3048; x_wconf 89' lang='lat' dir='ltr'>ubi</span> <span class='ocrx_word' id='word_1_295' title='bbox 830 2999 979 3048; x_wconf 73' lang='lat' dir='ltr'>etiamnum</span> 
     </span>
     <span class='ocr_line' id='line_1_37' title="bbox 127 3062 981 3133; baseline 0.004 -22"><span class='ocrx_word' id='word_1_296' title='bbox 127 3062 223 3117; x_wconf 85' lang='lat' dir='ltr'>visitur</span> <span class='ocrx_word' id='word_1_297' title='bbox 235 3080 369 3126; x_wconf 62' lang='lat' dir='ltr'>muscum</span> <span class='ocrx_word' id='word_1_298' title='bbox 383 3066 440 3131; x_wconf 71' lang='lat' dir='ltr'>ripa</span> <span class='ocrx_word' id='word_1_299' title='bbox 451 3066 545 3118; x_wconf 85' lang='lat' dir='ltr'>solidis</span> <span class='ocrx_word' id='word_1_300' title='bbox 558 3066 692 3130; x_wconf 85' lang='lat' dir='ltr'>lapidibus</span> <span class='ocrx_word' id='word_1_301' title='bbox 704 3066 843 3133; x_wconf 82' lang='lat' dir='ltr'>quadratis</span> <span class='ocrx_word' id='word_1_302' title='bbox 853 3075 888 3116; x_wconf 78' lang='lat' dir='ltr'>&#39;ex</span> <span class='ocrx_word' id='word_1_303' title='bbox 899 3066 981 3115; x_wconf 84' lang='lat' dir='ltr'>Alba·</span> 
     </span>
     <span class='ocr_line' id='line_1_38' title="bbox 127 3132 982 3198; baseline 0 -15"><span class='ocrx_word' id='word_1_304' title='bbox 127 3132 185 3191; x_wconf 83' lang='lat' dir='ltr'>nis,</span> <span class='ocrx_word' id='word_1_305' title='bbox 212 3147 241 3186; x_wconf 90' lang='lat' dir='ltr'>et</span> <span class='ocrx_word' id='word_1_306' title='bbox 257 3133 413 3188; x_wconf 81' lang='lat' dir='ltr'>Tiburtinis</span> <span class='ocrx_word' id='word_1_307' title='bbox 432 3137 555 3195; x_wconf 85' lang='lat' dir='ltr'>munita,</span> <span class='ocrx_word' id='word_1_308' title='bbox 575 3150 589 3186; x_wconf 85' lang='lat' dir='ltr'>a</span> <span class='ocrx_word' id='word_1_309' title='bbox 603 3150 685 3198; x_wconf 88' lang='lat' dir='ltr'>ponte</span> <span class='ocrx_word' id='word_1_310' title='bbox 696 3136 835 3187; x_wconf 77' lang='lat' dir='ltr'>Senatorio</span> <span class='ocrx_word' id='word_1_311' title='bbox 848 3135 879 3186; x_wconf 83' lang='lat' dir='ltr'>ad</span> <span class='ocrx_word' id='word_1_312' title='bbox 893 3132 982 3184; x_wconf 80' lang='lat' dir='ltr'>subtl-</span> 
     </span>
     <span class='ocr_line' id='line_1_39' title="bbox 126 3202 983 3269; baseline 0.001 -18"><span class='ocrx_word' id='word_1_313' title='bbox 126 3202 196 3254; x_wconf 84' lang='lat' dir='ltr'>cium</span> <span class='ocrx_word' id='word_1_314' title='bbox 208 3221 217 3265; x_wconf 84' lang='lat'>3</span> <span class='ocrx_word' id='word_1_315' title='bbox 235 3218 282 3256; x_wconf 86' lang='lat' dir='ltr'>seu</span> <span class='ocrx_word' id='word_1_316' title='bbox 296 3205 368 3256; x_wconf 88' lang='lat' dir='ltr'>inter</span> <span class='ocrx_word' id='word_1_317' title='bbox 379 3205 445 3257; x_wconf 85' lang='lat' dir='ltr'>dnus</span> <span class='ocrx_word' id='word_1_318' title='bbox 458 3218 552 3268; x_wconf 87' lang='lat' dir='ltr'>pontes</span> <span class='ocrx_word' id='word_1_319' title='bbox 565 3237 573 3262; x_wconf 90' lang='lat'>,</span> <span class='ocrx_word' id='word_1_320' title='bbox 594 3203 740 3269; x_wconf 77' lang='lat' dir='ltr'>dequibus</span> <span class='ocrx_word' id='word_1_321' title='bbox 753 3204 785 3254; x_wconf 80' lang='lat' dir='ltr'>ll.</span> <span class='ocrx_word' id='word_1_322' title='bbox 797 3217 850 3255; x_wconf 84' lang='lat' dir='ltr'>stt.</span> <span class='ocrx_word' id='word_1_323' title='bbox 864 3217 902 3252; x_wconf 80' lang='lat'>2.‘</span> <span class='ocrx_word' id='word_1_324' title='bbox 909 3216 922 3265; x_wconf 86' lang='lat'><em>3</em></span> <span class='ocrx_word' id='word_1_325' title='bbox 931 3216 953 3252; x_wconf 86' lang='lat' dir='ltr'>t.</span> <span class='ocrx_word' id='word_1_326' title='bbox 971 3218 983 3264; x_wconf 68' lang='grc' dir='ltr'><strong><em>ς</em></strong></span> 
     </span>
     <span class='ocr_line' id='line_1_40' title="bbox 122 3271 982 3340; baseline 0.005 -21"><span class='ocrx_word' id='word_1_327' title='bbox 122 3284 154 3320; x_wconf 90' lang='lat' dir='ltr'>ur</span> <span class='ocrx_word' id='word_1_328' title='bbox 169 3274 268 3325; x_wconf 69' lang='lat' dir='ltr'>cubuc</span> <span class='ocrx_word' id='word_1_329' title='bbox 281 3288 374 3340; x_wconf 78' lang='lat' dir='ltr'>aggere</span> <span class='ocrx_word' id='word_1_330' title='bbox 393 3289 474 3326; x_wconf 87' lang='lat' dir='ltr'>omne</span> <span class='ocrx_word' id='word_1_331' title='bbox 487 3271 633 3324; x_wconf 87' lang='lat' dir='ltr'>Velabrum</span> <span class='ocrx_word' id='word_1_332' title='bbox 659 3286 792 3338; x_wconf 89' lang='lat' dir='ltr'>perpetuo</span> <span class='ocrx_word' id='word_1_333' title='bbox 813 3272 982 3324; x_wconf 76' lang='lat' dir='ltr'>exsiccatum</span> 
     </span>
     <span class='ocr_line' id='line_1_41' title="bbox 123 3338 979 3412; baseline 0.006 -24"><span class='ocrx_word' id='word_1_334' title='bbox 123 3338 227 3402; x_wconf 75' lang='lat' dir='ltr'>luerit5</span> <span class='ocrx_word' id='word_1_335' title='bbox 244 3344 521 3409; x_wconf 70' lang='lat' dir='ltr'>ettemplismliisque</span> <span class='ocrx_word' id='word_1_336' title='bbox 535 3339 673 3394; x_wconf 89' lang='lat' dir='ltr'>nobilibus</span> <span class='ocrx_word' id='word_1_337' title='bbox 685 3343 806 3394; x_wconf 74' lang='lat' dir='ltr'>edificiis</span> <span class='ocrx_word' id='word_1_338' title='bbox 817 3354 979 3412; x_wconf 81' lang='lat' dir='ltr'>occupatum</span> 
     </span>
     <span class='ocr_line' id='line_1_42' title="bbox 123 3412 993 3479; baseline 0.005 -20"><span class='ocrx_word' id='word_1_339' title='bbox 123 3421 186 3460; x_wconf 86' lang='lat' dir='ltr'>ante</span> <span class='ocrx_word' id='word_1_340' title='bbox 197 3414 342 3479; x_wconf 77' lang='lat' dir='ltr'>Augustum</span> <span class='ocrx_word' id='word_1_341' title='bbox 355 3416 491 3465; x_wconf 81' lang='lat' dir='ltr'>Caesarem.</span> <span class='ocrx_word' id='word_1_342' title='bbox 502 3412 602 3463; x_wconf 86' lang='lat' dir='ltr'>Natum</span> <span class='ocrx_word' id='word_1_343' title='bbox 616 3424 675 3463; x_wconf 89' lang='lat' dir='ltr'>erat</span> <span class='ocrx_word' id='word_1_344' title='bbox 687 3413 845 3469; x_wconf 85' lang='lat' dir='ltr'>velabrum,</span> <span class='ocrx_word' id='word_1_345' title='bbox 861 3425 908 3462; x_wconf 87' lang='lat' dir='ltr'>scu</span> <span class='ocrx_word' id='word_1_346' title='bbox 924 3425 993 3474; x_wconf 72' lang='lat' dir='ltr'>prtav</span> 
     </span>
     <span class='ocr_line' id='line_1_43' title="bbox 117 3475 980 3558; baseline 0.01 -31"><span class='ocrx_word' id='word_1_347' title='bbox 117 3475 170 3541; x_wconf 29' lang='lat' dir='ltr'>,ills</span> <span class='ocrx_word' id='word_1_348' title='bbox 180 3479 341 3543; x_wconf 73' lang='lat' dir='ltr'>Urbluulim</span> <span class='ocrx_word' id='word_1_349' title='bbox 351 3482 520 3558; x_wconf 76' lang='lat' dir='ltr'>navigabilis,</span> <span class='ocrx_word' id='word_1_350' title='bbox 530 3480 564 3537; x_wconf 84' lang='lat' dir='ltr'>ab</span> <span class='ocrx_word' id='word_1_351' title='bbox 574 3482 721 3553; x_wconf 63' lang='lat' dir='ltr'>aquisque</span> <span class='ocrx_word' id='word_1_352' title='bbox 732 3483 797 3536; x_wconf 77' lang='lat' dir='ltr'>siue</span> <span class='ocrx_word' id='word_1_353' title='bbox 811 3480 877 3536; x_wconf 84' lang='lat' dir='ltr'>inde</span> <span class='ocrx_word' id='word_1_354' title='bbox 888 3476 980 3536; x_wconf 78' lang='lat' dir='ltr'>ablu·</span> 
     </span>
    </p>
   </div>
   <div class='ocr_carea' id='block_1_6' title="bbox 0 0 1272 4559">
    <p class='ocr_par' dir='ltr' id='par_1_6' title="bbox 0 0 1272 4559">
     <span class='ocr_line' id='line_1_44' title="bbox 0 0 1272 4559; baseline 0 3"><span class='ocrx_word' id='word_1_355' title='bbox 0 0 1272 4559; x_wconf 95' lang='lat' dir='ltr'> </span> 
     </span>
    </p>
   </div>
  </div>
 </body>
</html>
