2534 4559
383 394 444 436 oo
465 395 480 435 a
503 396 555 456 ιιι
578 397 662 456 cna
892 393 951 456 335

98 484 252 565 Ingenium
261 486 363 544 misera
375 489 444 564 quia
458 484 628 550 fortunatius
644 503 705 548 arte
813 527 818 538 .
889 507 905 545 a
909 502 951 561 95

99 568 220 630 Credit,
236 588 264 628 et
278 567 405 630 excludit
417 591 501 632 sanos
513 573 655 632 Helicone
670 567 768 649 poetas

99 653 282 736 Democritus
294 673 303 723 3
315 653 396 714 'bona
411 676 545 734 patsnon
559 677 663 738 ungues
678 674 785 734 ponere
797 669 899 723 curat,

100 777 136 813 nt
148 761 320 814 commissura
332 764 450 827 lapidum
464 780 550 830 ungue
561 765 673 830 quesita
685 762 790 827 percipi
804 762 907 825 possit,
919 774 952 813 ut
1015 767 1035 780 ⁶

101 834 224 883 iunctura
238 830 347 897 effundat
357 837 469 902 unguesi
490 836 699 896 Marmorarius,
719 831 767 897 qui
789 847 902 896 unguem
915 831 952 881 si-

103 897 131 949 bi
145 901 175 949 ad
192 897 288 951 vivum
305 903 394 952 decies
408 900 562 966 praese'cuit,
582 903 717 969 quomodo
730 916 816 966 ungue
832 902 955 963 explora·

103 983 132 1018 te
152 970 251 1032 poterit
268 985 427 1022 marmorum
442 972 643 1023 commissuras?
662 971 760 1021 Nonne
774 970 955 1035 immounguo

103 1052 170 1100 opus
191 1053 252 1098 est,
270 1055 356 1104 eoque
371 1042 521 1104 ptata'cu103
540 1042 585 1092 sed
610 1054 683 1092 certe
705 1054 759 1091 uon
779 1039 953 1100 itapraecisoi

38 1171 42 1176 ᾖ
107 1106 208 1157 Rident
219 1109 302 1169 nostri
312 1112 367 1160 itaet
381 1111 519 1162 audientes
530 1135 546 1160 .·
557 1110 713 1160 certissime
735 1123 850 1174 unguent
860 1121 960 1170 suppo·

103 1188 175 1226 nunt
190 1192 242 1228 non
257 1177 369 1229 recisum
382 1196 474 1234 omnes
487 1181 530 1231 ilii
549 1196 583 1230 ex
609 1179 729 1245 antiquis
752 1176 927 1241 scriptoribus
944 1208 953 1235 ,

105 1244 154 1307 qui
165 1246 213 1297 huc
223 1246 405 1299 similirudine
418 1262 549 1312 utuntur3
567 1264 679 1315 eamque
701 1249 733 1299 ad
757 1247 858 1311 scripta
869 1257 957 1297 trans·

99 1312 195 1364 'ierunt
209 1331 280 1381 aeque
295 1318 423 1381 expolita,
437 1333 517 1384 atque
530 1321 613 1370 multa
630 1319 712 1370 litura
724 1317 861 1368 coercita.
877 1317 953 1366 inter·

106 1383 282 1442 scholiastes,
304 1400 396 1445 practer
414 1393 560 1444 Aaronem,
579 1388 687 1437 Servius
699 1386 731 1436 ad
751 1385 819 1436 illud
843 1385 956 1452 Virgilii

104 1451 139 1518 ll.
154 1455 188 1502 G.
204 1464 263 1512 ην.
279 1470 285 1503 t
305 1454 363 1502 Non
384 1458 463 1503 setius
487 1457 565 1503 omnis
579 1458 605 1503 in
618 1470 743 1520 anguem,
765 1454 901 1504 Arboribus
908 1463 955 1520 tted

102 1523 162 1573 titis
173 1531 237 1570 tecto
248 1524 291 1570 'ria
306 1518 388 1570 limite
401 1521 509 1590 quadret
524 1539 531 1573 ι
551 1533 649 1580 ιιοῑιιι;
673 1526 701 1569 in
712 1533 820 1585 unguem
834 1537 841 1569 :
860 1522 958 1587 adper-

101 1589 255 1656 fectiontm:
276 1600 299 1639 et
313 1601 346 1639 est
363 1590 498 1642 translatio
509 1608 525 1641 o
540 1592 735 1646 marmorariis,
756 1589 802 1655 qur·
823 1592 956 1639 iuncturae

106 1659 232 1728 unguibus
243 1658 348 1727 probant
363 1693 371 1711 .
389 1659 491 1711 Persius
504 1661 526 1710 1.
540 1663 583 1721 ⁶4·
597 1676 605 1710 t
627 1659 664 1709 Ut
675 1668 720 1725 per
737 1655 789 1708 lere
800 1670 893 1710 terrm
906 1655 956 1723 Es·

103 1725 201 1794 fundat
216 1731 336 1779 iunctura
348 1744 440 1796 ungues
451 1763 459 1780 .
471 1728 600 1791 Apuleius
620 1729 653 1779 de
664 1728 721 1778 Deo
734 1728 834 1778 Socrat.
848 1726 935 1788 princ.
947 1742 955 1776 t

106 1795 204 1863 Quippe
219 1801 262 1865 qui
273 1810 397 1849 structum
407 1801 529 1850 orationis
554 1796 628 1849 notro
650 1808 741 1865 egomet
752 1811 802 1846 non
824 1793 853 1846 dt
875 1806 957 1845 monte

105 1865 175 1916 modo
196 1864 278 1935 lapide
295 1884 307 1915 e
327 1866 421 1918 directo
444 1883 527 1920 tesam
547 1866 668 1931 afferam,
688 1866 763 1934 probe
789 1861 956 1925 omnifariam

105 1932 302 2002 templariorum,
317 1931 408 1987 leniter
419 1938 453 1989 ad
465 1949 589 1988 extremas
601 1953 659 1988 oros
678 1936 711 1987 ad
732 1948 837 2001 unguem
849 1950 958 2000 coequa-

108 2012 183 2053 tum.
200 2005 349 2064 symmach.
362 2008 383 2057 Ι.
397 2007 475 2070 epist.
489 2022 529 2057 ra.
542 2005 643 2058 :statis
663 2014 795 2072 suppactus
819 2013 855 2051 est
877 2000 956 2051 horror

107 2078 242 2123 marmoris
254 2090 263 2134 3
287 2078 413 2142 superiora
426 2075 553 2127 continuio
567 2079 657 2125 trustis
671 2084 811 2139 teguntur,
826 2087 856 2121 ea
874 2074 954 2137 operis

106 2138 215 2191 leuitate
228 2174 236 2200 ,
257 2154 286 2193 ut
297 2153 410 2211 compago
424 2144 530 2196 solidum
551 2145 710 2196 mentiatur.
728 2141 821 2191 Sidon·
833 2140 957 2203 Apollin-

105 2210 151 2261 ΙΧ.
173 2208 254 2271 epist.
276 2221 324 2267 m:
343 2213 480 2266 Structura
499 2230 556 2265 uero
574 2214 671 2279 timis,
690 2223 714 2262 et
732 2212 828 2275 firma,
849 2212 957 2260 coniun-

104 2281 264 2346 ctionumque
284 2278 469 2348 perfacetarum
489 2299 554 2334 nexa
575 2286 671 2332 casuris
693 2275 893 2331 insolubilibus:
912 2278 955 2330 sed

103 2363 147 2398 met
161 2345 314 2399 binominus
337 2348 455 2408 lubrica,
477 2362 500 2401 et
520 2348 602 2408 leuis,
622 2366 653 2405 at
671 2351 751 2399 modis
770 2347 883 2398 omnibus
903 2361 958 2398 ero·

106 2416 234 2476 nuntiarat
247 2433 296 2485 qua
305 2415 406 2469 lectoris
418 2419 532 2489 linguam
541 2424 568 2471 in
579 2418 693 2484 offensam
704 2418 817 2468 detenter
829 2416 959 2485 expediam

104 2500 136 2535 ne
148 2483 290 2537 salebrosas
302 2496 379 2556 passa
392 2490 534 2551 iuncturas,
567 2504 593 2540 er
610 2502 732 2538 eameram
743 2485 827 2554 palati
838 2486 959 2538 volutata

104 2551 232 2605 balbutiat
246 2586 255 2605 a
274 2557 337 2608 Tota
357 2557 461 2627 denique
471 2497 572 2627 itqailr
582 2567 706 2627 prorsus,
726 2568 751 2605 et
773 2555 898 2615 ductilis,
916 2569 958 2604 rt·

104 2619 156 2673 luti
170 2638 224 2673 tum
237 2622 395 2684 crystallinas
409 2641 506 2679 crustas
519 2661 527 2687 ‚
541 2638 588 2678 aut
598 2624 772 2688 onychintinas
785 2642 833 2675 non
845 2629 954 2692 impacto

104 2690 201 2757 eligitur
214 2708 294 2760 ungue
312 2694 468 2762 perlabitur:
491 2699 578 2765 quippe
589 2699 610 2744 si
623 2693 688 2746 nihil
701 2710 754 2743 eum
767 2698 864 2744 rimosis
876 2695 956 2744 obiti·

105 2758 151 2810 bus
164 2770 290 2827 exceptum
302 2767 378 2813 te'nax
385 2762 505 2827 fractura
518 2776 655 2815 remoretur
667 2798 675 2814 .
687 2762 868 2814 Terentianus
880 2765 957 2812 Mau·

104 2842 150 2879 rus
168 2828 200 2877 de
224 2827 325 2889 Syllab.
336 2831 404 2894 apud
416 2834 524 2885 Putscir.
537 2851 562 2886 c.
574 2847 672 2898 2391.:
691 2835 794 2884 Artium
802 2843 891 2901 parens
903 2865 911 2889 ,
932 2842 957 2880 et

105 2896 190 2952 altrix
204 2896 291 2950 Grata
302 2899 435 2969 diligentia
448 2917 485 2953 est
500 2921 507 2954 t
525 2904 686 2956 Litterarum
692 2913 768 2971 porro
783 2916 869 2951 curam
880 2897 955 2951 nulla

87 3009 89 3013 ,
103 2983 164 3036 gens
176 2970 300 3018 attentius
312 2969 425 3039 Repperit
440 3005 448 3031 ‚
463 2973 558 3040 polivit
571 2974 729 3042 usquefinem
751 2972 785 3022 ad
807 2986 872 3038 ungu
879 2974 899 3019 is
911 2985 957 3018 ex·

75 3059 76 3062 ¹
106 3039 216 3087 timum.
233 3036 329 3088 Omnis
350 3055 414 3090 uero
439 3042 627 3101 constructio,
647 3056 726 3106 quam
749 3039 887 3090 Bentleius
910 3038 958 3089 de·

107 3103 219 3163 turbat,
245 3119 273 3157 et
296 3108 333 3159 ita
355 3109 439 3160 refert
451 3110 484 3161 ad
500 3126 637 3176 unguem,
654 3113 706 3160 haec
719 3109 793 3159 erit:
821 3110 956 3163 Carmen,

106 3172 181 3238 quod
200 3175 285 3226 multa
306 3192 367 3229 curn
387 3193 441 3228 non
463 3179 605 3243 castigavit
625 3177 733 3235 decies,
757 3175 906 3241 perfectum
924 3172 958 3223 ad

106 3258 246 3309 unguem:
267 3260 385 3309 nempe,
405 3247 477 3310 quod
503 3262 555 3297 non
581 3245 724 3310 castigavit
745 3247 834 3301 adeo,
857 3256 886 3291 nt
913 3253 960 3292 err-

105 3313 223 3375 potitum
237 3344 246 3370 ,
261 3314 425 3381 levigatum,
446 3314 593 3378 peritorum
606 3313 662 3363 dici
673 3315 755 3377 possit
765 3325 847 3377 usque
860 3310 893 3361 nd
907 3326 957 3361 ex·

105 3381 290 3445 perimentum
302 3385 417 3451 unguis3
435 3399 465 3434 ut
477 3383 504 3435 in
518 3383 698 3436 commissuris
711 3383 830 3446 lapidum
844 3395 957 3442 operan-

104 3449 149 3504 t'ut
163 3452 352 3517 marmorarii,
371 3455 419 3522 qui
433 3470 468 3518 ert
477 3454 578 3509 duabus
589 3450 684 3507 crustis
694 3451 773 3505 simul
789 3451 956 3517 compactis,
