2534 4559
324 345 382 399 aua
577 336 908 389 retero'tauvte

323 444 456 516 Emptum
473 439 564 501 mulut
576 458 677 517 aptum
690 441 802 500 .Ctudi
813 482 822 509 ,
835 441 995 522 tumidique
1006 442 1165 517 lavemur,

322 516 402 597 Quid
414 525 530 589 deceat,
545 524 615 603 quid
638 544 712 592 uon,
730 525 834 584 obliti:
848 527 952 587 Caerite
971 546 1042 587 teta

323 608 415 686 Digni
429 629 438 675 3
452 613 602 688 remigium
613 611 747 669 vitiosum
760 609 913 670 Ithacensis
926 611 1064 691 Ulyssei,

323 692 381 750 Cui
395 696 492 766 potior
507 696 599 769 patria
614 689 667 751 luit
678 692 831 753 interdieta
845 695 974 770 voluptas
987 735 996 753 .

324 776 373 840 si,
386 779 572 836 Mimnermus
585 780 626 835 uti
638 793 733 836 tentet
745 817 754 844 ,
768 782 829 835 tine
843 797 959 844 amore,
975 783 1115 861 iocisque
1123 824 1134 851 ‚
1150 792 1188 856 65

325 858 377 917 Nil
392 879 434 918 ett
447 860 598 921 iucundum
606 879 617 929 ;
632 864 713 920 vivat
728 866 756 921 in
770 880 867 923 amore
881 902 889 927 ,
901 865 1054 941 iocisque.

327 947 400 1002 Vite
412 985 421 1011 .
431 945 511 1005 valet
525 949 551 1004 ei
564 949 631 1024 quid
646 949 750 1003 novisti
766 950 867 1003 rectius
883 950 958 1011 istis,

326 1027 475 1091 Candidus
486 1035 600 1108 imperti
614 1048 622 1087 t
634 1033 658 1087 si
671 1049 729 1088 nou
742 1069 751 1096 ‚
767 1028 809 1089 hit
825 1046 902 1089 utere
911 1049 1046 1090 mecum.

531 1196 870 1258 EPIS'TOLA
912 1201 973 1258 vn.

488 1339 527 1378 AD
550 1338 638 1379 (ΔΝΜ
659 1340 784 1383 crtmvre
806 1341 1014 1386 reticendum.

347 1450 508 1504 Maecenatis
520 1451 554 1505 in
566 1466 595 1505 se
604 1445 737 1521 beneficia
749 1470 952 1509 tummemorans
964 1451 1172 1523 ,libertatem

530 1569 537 1584 ,
557 1544 585 1589 et
597 1536 683 1590 otium
699 1533 793 1615 opibus
803 1537 920 1615 prcefen
936 1572 946 1594 .
1140 1548 1144 1552 “

328 1659 484 1778 Quinque
497 1696 558 1759 diet
570 1699 623 1761 tibi
634 1698 798 1778 pollicitus,
815 1720 936 1763 merore
953 1701 1103 1778 iuturumg

329 1784 466 1849 Sextilem
480 1800 572 1843 totum
586 1784 884 1861 ntendaxdesiderot.
902 1792 991 1866 Atqui

330 1873 359 1931 Si
375 1888 421 1930 me
434 1870 604 1935 viveretis,
618 1885 751 1948 recteque
763 1870 857 1929 videre
872 1871 1013 1951 ualentem
1026 1889 1037 1944 3

328 1957 425 2023 Quam
440 1951 512 2013 mihi
527 1951 575 2011 das
587 1972 662 2034 aegro
673 1994 681 2019 ,
697 1954 777 2013 dabit
788 1970 925 2035 aegrotare
943 1958 1078 2021 timenti,

329 2044 488 2109 Maecenat,
504 2040 632 2107 veniam:
649 2036 716 2096 dum
731 2034 799 2098 ficus
816 2044 926 2115 prima,
945 2039 1081 2116 calorque
1174 2056 1194 2111 5

329 2125 556 2206 Designttotem,
565 2119 683 2181 decorat
695 2120 843 2182 lictoribus
856 2128 943 2198 atris3

368 2293 400 2352 64
421 2292 469 2340 (ui
479 2291 566 2357 patria
576 2291 660 2370 potior
674 2292 743 2340 cun.
757 2291 831 2341 more
843 2306 889 2341 suo
903 2324 911 2342 .
948 2291 988 2340 68.
999 2290 1107 2357 imperti
1118 2289 1156 2338 V.
1166 2289 1192 2339 1.

331 2359 382 2419 Vp.
397 2362 439 2415 A„
454 2358 524 2408 edit.
540 2358 630 2412 Peme.
643 2359 715 2408 Med.
729 2364 801 2417 1476·
824 2362 912 2409 Venn.
929 2362 1003 2420 1478.
1019 2370 1095 2418 1479.
1112 2359 1192 2418 1481.

338 2425 557 2487 tedmteoodiad.
572 2428 681 2498 Asteris.
694 2428 810 2494 cuning.
847 2431 879 2478 68
897 2428 911 2458 ⁴¹
930 2427 999 2478 eiail
1012 2427 1045 2475 V.
1058 2428 1092 2475 G.
1102 2425 1192 2475 vrri.

358 2510 382 2611 pa
403 2560 419 2590 ⁴*
439 2560 535 2626 Atquin
554 2558 589 2607 V·
603 2559 637 2607 Α.
658 2562 739 2631 Atque
763 2580 825 2615 mss.
843 2564 910 2627 apud
928 2563 1006 2615 Tort.
1043 2577 1056 2626 3
1079 2573 1194 2627 recteque

338 2630 424 2685 uidere
436 2628 560 2678 ualentem
574 2627 607 2675 V.
618 2629 651 2677 A.
663 2633 695 2679 C.
710 2634 729 2681 Ι.
741 2635 789 2682 Vr.
801 2626 829 2683 Β.
842 2636 873 2683 C.
888 2635 916 2682 F.
925 2635 975 2683 Ch.
986 2636 1018 2682 A.
1030 2637 1081 2681 An.
1097 2633 1128 2678 A.
1142 2632 1193 2678 Va.

334 2701 366 2750 A.
383 2712 397 2748 u
413 2713 435 2747 ι.
448 2712 495 2754 m.,
512 2694 562 2747 alii
574 2700 716 2760 mss.apud
739 2701 833 2752 Lamb.
845 2702 926 2765 iore.
947 2701 1052 2756 Oberl„
1066 2709 1191 2749 notatum

335 2783 371 2818 ex
394 2782 441 2816 ms.
460 2766 487 2814 in
500 2777 546 2815 ora
570 2763 639 2812 edit.
651 2769 712 2818 Aldi
728 2779 805 2826 1501.
819 2770 846 2820 in
859 2770 928 2821 Bibl.
938 2772 1010 2828 vat„
1023 2765 1192 2818 edit.Medd.

338 2834 597 2898 1'476.147a.1502.
622 2833 895 2901 Venti-‘1478-1479·
919 2839 993 2901 1483.
1018 2839 1091 2900 1486.
1116 2850 1193 2896 ¹49⁰·

340 2912 403 2966 1495
410 2939 417 2954 ·
435 2913 511 2961 1514.
525 2904 601 2961 1546·
614 2900 854 2970 Flor.1482.Lips.
870 2905 1194 2969 1499.Loch.}i.steph.;

333 2973 474 3023 revocavit
489 2972 515 3020 in
533 2980 641 3020 textum
661 2978 754 3033 Gesn„
775 2976 837 3027 inde
850 2975 943 3026 Obetl.
953 2974 1055 3031 Combe
1065 2970 1194 3031 ,Wakefi

332 3042 428 3092 Wetz.
456 3040 543 3090 Zeun.
580 3039 610 3086 ln
629 3042 733 3105 uidere,
755 3056 785 3093 ut
799 3044 838 3096 ait
851 3047 980 3095 Gesnerus
995 3040 1193 3121 ,e‘trQlcedo

335 3116 452 3185 quaedam
466 3151 475 3176 ,
496 3127 524 3168 et
545 3102 625 3178 ἔθος
639 3155 645 3179 ,
660 3120 730 3186 quod
744 3122 903 3186 intelligunt
915 3120 965 3170 soli
977 3152 985 3176 ,
998 3118 1045 3182 qui
1058 3126 1196 3186 amarunt.

339 3200 384 3248 Al.
399 3211 503 3251 tanum,
530 3205 646 3263 recteque
665 3194 811 3264 valentem
832 3193 903 3259 quod
924 3197 973 3244 huc
994 3193 1129 3257 irrepsisse
1142 3212 1196 3258 pu-

338 3282 367 3319 to
396 3281 430 3316 ex
443 3264 527 3325 epist.
540 3268 583 3312 16·
596 3277 640 3313 ιι.
653 3263 845 3327 Coningamius
860 3296 867 3318 ,
882 3263 1005 3312 audacter
1027 3277 1100 3312 more
1124 3278 1196 3322 suo,

339 3335 413 3400 legit
428 3350 435 3383 :
454 3332 483 3382 Si
494 3333 580 3380 mevit
593 3334 679 3382 aivum
692 3363 700 3388 ‚
715 3346 819 3389 sanum,
833 3341 942 3396 recteque
954 3330 1100 3380 valentem,
1121 3339 1133 3387 ς
1156 3348 1198 3384 co·

354 3395 438 3469 'oeque
453 3398 588 3465 Ctuquius
606 3414 639 3450 tx
657 3414 729 3460 mas„
741 3400 866 3452 aliutmt.
877 3399 946 3461 utud
962 3396 1056 3449 Obetl.
